\addbibresource{sample.bib} %Imports bibliography file